% this is the bibliography file

@Misc{why-keep-containers-small,
  author = {Ashan Fernando},
  title= {Why it’s Important to Keep Your Containers Small and Simple},
  howpublished = {\url{https://hackernoon.com/why-its-important-to-keep-your-containers-small-and-simple-618ced7343a5}},
  annote = {\url{https://hackernoon.com/why-its-important-to-keep-your-containers-small-and-simple-618ced7343a5}}
  }
@Misc{containers-usage-statistics,
  author = 	 {Lionel Sujay Vailshery},
  title = 	 {Adoption rate of container technologies in organizations worldwide from 2016 to 2021, by development stage},
  howpublished = {\url{https://www.statista.com/statistics/1104543/worldwide-container-technology-use/}},
  annote = 	 {\url{https://www.statista.com/statistics/1104543/worldwide-container-technology-use/}},
  month = 	 {February},
  year = 	 {2024}
}

@Misc{what-are-containers,
  author = 	 {Docker Inc. },
  title = 	 {Use containers to Build, Share and Run your applications},
  howpublished = {\url{https://www.docker.com/resources/what-container/}},
  annote = 	 {\url{https://www.docker.com/resources/what-container/}}
}

@Misc{but-it-works-on-my-machine,
  author = 	 {J. A. Pardo},
  title = 	 {But… it works on my machine…},
  howpublished = {\url{https://medium.com/@josetecangas/but-it-works-on-my-machine-cc8cca80660c}},
  annote = 	 {\url{https://medium.com/@josetecangas/but-it-works-on-my-machine-cc8cca80660c}}
}







